%% This BibTeX bibliography file was created using BibDesk.
%% http://bibdesk.sourceforge.net/

%% Created for Ozan Ã–ktem at 2018-04-19 11:39:55 +0200 


%% Saved with string encoding Unicode (UTF-8) 



@article{Du:2017aa,
	Author = {Du, S. S. and Jin, C. and Lee, J. D. and Jordan, M. I. and Poczos, B. and Singh, A.},
	Date-Added = {2018-04-08 18:25:37 +0000},
	Date-Modified = {2018-04-08 18:26:43 +0000},
	Journal = {arXiv},
	Title = {Gradient Descent Can Take Exponential Time to Escape Saddle Points},
	Volume = {1705.10412v2},
	Year = {2017}}

@article{Hormander:1971aa,
	Author = {H{\"o}rmander, L.},
	Date-Added = {2018-04-08 17:36:26 +0000},
	Date-Modified = {2018-04-08 17:37:29 +0000},
	Journal = {Acta Mathematica},
	Number = {79--183},
	Title = {Fourier Integral Operators {I}},
	Volume = {127},
	Year = {1971}}

@article{Trouve:2005aa,
	Author = {Trouv{\'e}, A. and Younes, L.},
	Date-Added = {2018-04-08 17:33:41 +0000},
	Date-Modified = {2018-04-08 17:34:39 +0000},
	Journal = {SIAM Journal of Mathematical Analysis},
	Number = {1},
	Pages = {17--59},
	Title = {Local Geometry of Deformable Templates},
	Volume = {37},
	Year = {2005}}

@article{Laurent:2017aa,
	Author = {Laurent, T. and von Brecht, J.},
	Date-Added = {2018-04-08 15:54:16 +0000},
	Date-Modified = {2018-04-08 15:54:56 +0000},
	Journal = {arXiv},
	Title = {Deep linear neural networks with arbitrary loss: All local minima are global},
	Volume = {1712.01473},
	Year = {2017}}

@inproceedings{Haeffeleand:2017aa,
	Author = {Haeffeleand, B. and Vidal, R.},
	Booktitle = {{IEEE Conference on Computer Vision and Pattern Recognition (CVPR)}},
	Date-Added = {2018-04-07 20:45:32 +0000},
	Date-Modified = {2018-04-07 20:47:07 +0000},
	Pages = {4390--4398},
	Title = {Global optimality in neural network training},
	Year = {2017}}

@article{Su:2018aa,
	Author = {Su, J. and Vargas, D. V. and Kouichi, S.},
	Date-Added = {2018-04-07 14:59:56 +0000},
	Date-Modified = {2018-04-07 15:00:38 +0000},
	Journal = {arXiv},
	Title = {One pixel attack for fooling deep neural networks},
	Volume = {1710.08864v4},
	Year = {2018}}

@article{Papernot:2017aa,
	Author = {Papernot, N. and McDaniel, P. and Goodfellow, I. and Jha,S. and Celik, B. Z. and Swami, A.},
	Date-Added = {2018-04-07 14:40:30 +0000},
	Date-Modified = {2018-04-07 14:41:32 +0000},
	Journal = {arXiv},
	Title = {Practical Black-Box Attacks against Machine Learning},
	Volume = {1602.02697v4},
	Year = {2017}}

@article{Kurakin:2017aa,
	Author = {Kurakin, A. and Goodfellow, I. and Bengio, S.},
	Date-Added = {2018-04-07 14:13:09 +0000},
	Date-Modified = {2018-04-07 15:09:41 +0000},
	Journal = {arXiv},
	Title = {Adversarial examples in the physical world},
	Volume = {1607.02533v4},
	Year = {2017}}

@inproceedings{Goodfellow:2015aa,
	Author = {Goodfellow, I. and Shlens, J. and Szegedy, C.},
	Booktitle = {{3rd International Conference on Learning Representations (ICLR 2015)}},
	Date-Added = {2018-04-07 13:47:36 +0000},
	Date-Modified = {2018-04-08 06:34:43 +0000},
	Title = {Explaining and Harnessing Adversarial Examples},
	Year = {2015}}

@inproceedings{Reddi:2018aa,
	Author = {Reddi, S. J. and Kale, S. and Kumar, S.},
	Booktitle = {{6th International Conference on Learning Representations (ICLR 2018)}},
	Date-Added = {2018-04-06 21:38:02 +0000},
	Date-Modified = {2018-04-06 21:39:31 +0000},
	Title = {On the Convergence of {Adam} and Beyond},
	Year = {2018}}

@article{Smith:2017ab,
	Author = {Smith, L. N. and Topin, N.},
	Date-Added = {2018-04-06 21:36:00 +0000},
	Date-Modified = {2018-04-06 21:36:49 +0000},
	Journal = {arXiv},
	Title = {Super-Convergence: Very Fast Training of Residual Networks Using Large Learning Rates},
	Volume = {1708.07120},
	Year = {2017}}

@inproceedings{Kawaguchi:2016aa,
	Author = {Kawaguchi, K.},
	Booktitle = {{30th Conference on Neural Information Processing Systems (NIPS 2016)}},
	Date-Added = {2018-04-06 21:30:20 +0000},
	Date-Modified = {2018-04-06 21:32:09 +0000},
	Title = {Deep Learning without Poor Local Minima},
	Year = {2016}}

@article{Schmidt-Hieber:2017aa,
	Author = {Schmidt-Hieber, J.},
	Date-Added = {2018-04-06 08:55:19 +0000},
	Date-Modified = {2018-04-06 08:55:54 +0000},
	Journal = {arXiv},
	Title = {Nonparametric regression using deep neural networks with {ReLU} activation function},
	Volume = {1708.06633v2},
	Year = {2017}}

@phdthesis{Werbos:1974aa,
	Author = {Werbos, P.},
	Date-Added = {2018-04-05 11:27:39 +0000},
	Date-Modified = {2018-04-05 11:28:11 +0000},
	School = {Harvard University},
	Title = {Beyond Regression: New Tools for Prediction and Analysis in the Behavioral Sciences},
	Type = {PhD thesis},
	Year = {1974}}

@article{Hestness:2017aa,
	Author = {Hestness, J. and Narang, S. and Ardalani, N. and Diamos, G. and Jun, H. and Kianinejad, H. and Patwary, M. A. and Yang, Y. and Zhou, Y.},
	Date-Added = {2018-04-05 11:12:51 +0000},
	Date-Modified = {2018-04-05 11:14:05 +0000},
	Journal = {arXiv},
	Title = {Deep Learning Scaling is Predictable, Empirically},
	Volume = {1712.00409},
	Year = {2017}}

@article{LeCun:1998aa,
	Author = {LeCun, Y. and Bottou, L. and Bengio, Y. and Haffner, P.},
	Date-Added = {2018-04-05 08:17:41 +0000},
	Date-Modified = {2018-04-06 21:35:06 +0000},
	Journal = {Proceedings of the IEEE},
	Number = {11},
	Pages = {2278--2324},
	Title = {Gradient-based learning applied to document recognition},
	Volume = {86},
	Year = {1998}}

@inproceedings{Werbos:1982aa,
	Author = {Werbos, P.},
	Booktitle = {System modeling and optimization. Proceedings of the 10th IFIP Conference New York City, USA, August 31 -- September 4, 1981},
	Date-Added = {2018-04-05 04:58:16 +0000},
	Date-Modified = {2018-04-05 05:00:35 +0000},
	Editor = {Drenick, R. F. and Kozin, F.},
	Pages = {762--770},
	Publisher = {Springer Verlag},
	Series = {Lecture Notes in Control and Information Sciences},
	Title = {Applications of advances in nonlinear sensitivity analysis},
	Volume = {38},
	Year = {1982}}

@article{Dreyfus:1962aa,
	Author = {Dreyfus, S. E.},
	Date-Added = {2018-04-05 04:56:48 +0000},
	Date-Modified = {2018-04-05 04:57:28 +0000},
	Journal = {Journal of Mathematical Analysis and Applications},
	Number = {1},
	Pages = {30--45},
	Title = {The numerical solution of variational problems},
	Volume = {5},
	Year = {1962}}

@article{Kelley:1960aa,
	Author = {Kelley, H. J.},
	Date-Added = {2018-04-05 04:55:49 +0000},
	Date-Modified = {2018-04-05 04:56:24 +0000},
	Journal = {Ars Journal},
	Number = {10},
	Pages = {947--954},
	Title = {Gradient theory of optimal flight paths},
	Volume = {30},
	Year = {1960}}

@article{Dreyfus:1990aa,
	Author = {Dreyfus, S. E.},
	Date-Added = {2018-04-05 04:54:39 +0000},
	Date-Modified = {2018-04-05 04:55:24 +0000},
	Journal = {Journal of Guidance, Control, and Dynamics},
	Number = {5},
	Pages = {926--928},
	Title = {Artificial neural networks, back propagation, and the {Kelley-Bryson} gradient procedure},
	Volume = {13},
	Year = {1990}}

@article{Linnainmaa:1976aa,
	Author = {Linnainmaa, S.},
	Date-Added = {2018-04-05 04:53:21 +0000},
	Date-Modified = {2018-04-05 04:53:51 +0000},
	Journal = {BIT Numerical Mathematics},
	Number = {2},
	Pages = {146--160},
	Title = {Taylor expansion of the accumulated rounding error},
	Volume = {16},
	Year = {1976}}

@article{Smith:2017aa,
	Author = {Smith, S. L. and Kindermans, P.-J. and Le, Q. V.},
	Date-Added = {2018-04-04 15:09:26 +0000},
	Date-Modified = {2018-04-04 15:09:58 +0000},
	Journal = {arXiv},
	Title = {Don't Decay the Learning Rate, Increase the Batch Size},
	Volume = {1711.00489},
	Year = {2017}}

@article{Denkowski:2017aa,
	Author = {Denkowski, M. and Neubig, G.},
	Date-Added = {2018-04-04 15:07:54 +0000},
	Date-Modified = {2018-04-04 15:09:02 +0000},
	Journal = {arXiv},
	Title = {Stronger Baselines for Trustable Results in Neural Machine Translation},
	Volume = {1706.09733},
	Year = {2017}}

@article{Zhang:2017ab,
	Author = {Zhang, J. and Mitliagkas, I. and R{\'e}, C.},
	Date-Added = {2018-04-04 15:06:01 +0000},
	Date-Modified = {2018-04-04 15:06:45 +0000},
	Journal = {arXiv},
	Title = {{YellowFin} and the Art of Momentum Tuning},
	Volume = {1706.03471},
	Year = {2017}}

@article{Ioffe:2015ab,
	Author = {Ioffe, S. and Szegedy, C},
	Date-Added = {2018-04-04 07:43:47 +0000},
	Date-Modified = {2018-04-04 07:44:13 +0000},
	Journal = {arXiv},
	Title = {Batch Normalization: Accelerating Deep Network Training by Reducing Internal Covariate Shift},
	Volume = {1502.03167v3},
	Year = {2015}}

@article{Zeiler:2012aa,
	Author = {Zeiler, M. D.},
	Date-Added = {2018-04-04 07:34:45 +0000},
	Date-Modified = {2018-04-04 07:35:09 +0000},
	Journal = {arXiv},
	Title = {{ADADELTA:} An Adaptive Learning Rate Method},
	Volume = {1212.5701},
	Year = {2012}}

@article{Duchi:2011aa,
	Author = {Duchi, J. and Hazan, E. and Singer, Y.},
	Date-Added = {2018-04-04 07:09:27 +0000},
	Date-Modified = {2018-04-04 07:10:10 +0000},
	Journal = {Journal of Machine Learning Research},
	Pages = {2121--2159},
	Title = {daptive Subgradient Methods for Online Learning and Stochastic Optimization},
	Volume = {12},
	Year = {2011}}

@article{Nesterov:1983aa,
	Author = {Nesterov, Y.},
	Date-Added = {2018-04-04 06:53:43 +0000},
	Date-Modified = {2018-04-04 06:55:39 +0000},
	Journal = {Soviet Mathematics Doklady},
	Number = {2},
	Pages = {372--376},
	Title = {A method for unconstrained convex minimization problem with the rate of convergence $o(1/k^2)$},
	Volume = {27},
	Year = {1983}}

@article{Kingma:2017aa,
	Author = {Kingma, D. P. and Ba, J.},
	Date-Added = {2018-04-03 21:29:57 +0000},
	Date-Modified = {2018-04-03 22:01:54 +0000},
	Journal = {arXiv},
	Title = {Adam: A Method for Stochastic Optimization},
	Volume = {1412.6980v9},
	Year = {2017}}

@inproceedings{He:2016aa,
	Author = {He, K. and Zhang, X. and Ren, S. and Sun, J.},
	Booktitle = {{2016 IEEE Conference on Computer Vision and Pattern Recognition (CVPR)}},
	Date-Added = {2018-04-03 20:22:54 +0000},
	Date-Modified = {2018-04-03 20:24:10 +0000},
	Pages = {770--778},
	Title = {Deep Residual Learning for Image Recognition},
	Year = {2016}}

@book{Geron:2017aa,
	Author = {G{\'e}ron, A.},
	Date-Added = {2018-04-03 17:41:06 +0000},
	Date-Modified = {2018-04-04 15:11:18 +0000},
	Publisher = {O'Reilly},
	Title = {Hands-On Machine Learning with Scikit-Learn \& Tensorflow},
	Year = {2017}}

@inproceedings{Shamir:2013aa,
	Author = {Shamir, O and Zhang, T.},
	Booktitle = {{ICML'13 Proceedings of the 30th International Conference on Machine Learning}},
	Date-Added = {2018-04-03 17:28:52 +0000},
	Date-Modified = {2018-04-03 19:51:15 +0000},
	Title = {Stochastic Gradient Descent for Non-smooth Optimisation: Convergence Results and Optimal Averaging Schemes},
	Volume = {28},
	Year = {2013}}

@article{Ruder:2016aa,
	Author = {Ruder, S.},
	Date-Added = {2018-04-03 17:27:19 +0000},
	Date-Modified = {2018-04-03 22:01:20 +0000},
	Journal = {arXiv},
	Title = {An overview of gradient descent optimization algorithms},
	Volume = {1609.04747},
	Year = {2016}}

@article{Qian:1999aa,
	Author = {Qian, N.},
	Date-Added = {2018-04-03 17:26:25 +0000},
	Date-Modified = {2018-04-03 17:27:06 +0000},
	Journal = {Neural networks},
	Number = {1},
	Pages = {145--151},
	Title = {On the momentum term in gradient descent learning algorithms},
	Volume = {12},
	Year = {1999}}

@article{Kukacka:2017aa,
	Author = {Kuka{\v c}ka, J. and Golkov, V. and Cremers, D.},
	Date-Added = {2018-04-03 12:55:03 +0000},
	Date-Modified = {2018-04-03 12:55:03 +0000},
	Journal = {arXiv},
	Title = {Regularization for Deep Learning: {A} Taxonomy},
	Volume = {1710.10686},
	Year = {2017}}

@article{Luan:2017aa,
	Author = {Luan, F. and Paris, S. and Shechtman, E. and Bala, K.},
	Date-Added = {2018-04-03 12:40:47 +0000},
	Date-Modified = {2018-04-03 22:01:44 +0000},
	Journal = {arXiv},
	Title = {Deep Photo Style Transfer},
	Volume = {1703.07511v3},
	Year = {2017}}

@inproceedings{Gatys:2016aa,
	Author = {Gatys, L. A. and Ecker, A. S. and Bethge, M.},
	Booktitle = {{2016 IEEE Conference on Computer Vision and Pattern Recognition (CVPR)}},
	Date-Added = {2018-04-03 12:37:57 +0000},
	Date-Modified = {2018-04-03 12:39:05 +0000},
	Pages = {2414--2423},
	Title = {Image Style Transfer Using Convolutional Neural Networks},
	Year = {2016}}

@article{Wu:2016aa,
	Author = {Wu, Y. and Schuster, M. and Chen, Z. and V. Le, Q. and Norouzi, M. and Macherey, W. and Krikun, M. and Cao, Y. and Gao, Q. and Macherey, K. and Klingner, J. and Shah, A. and Johnson, M. and Liu, X. and Kaiser, L. and Gouws, S. and Kato, Y. and Kudo, T. and Kazawa, H. and Stevens, K. and Kurian, G. and Patil, N. and Wang, W. and Young, C. and Smith, J. and Riesa, J. and Rudnick, A. and Vinyals, O. and Corrado, G. and Hughes, M. and Dean, J.},
	Date-Added = {2018-04-03 12:33:34 +0000},
	Date-Modified = {2018-04-03 12:34:11 +0000},
	Journal = {arXiv},
	Title = {Google's Neural Machine Translation System: {Bridging} the Gap between Human and Machine Translation},
	Volume = {1609.08144v2},
	Year = {2016}}

@article{Silver:2016aa,
	Author = {Silver, D. and Huang, A. and Maddison, C. J. and Guez, A. and Sifre, L. and van den Driessche, G. and Schrittwieser, J. and Antonoglou, I. and Panneershelvam, V. and Lanctot, M. and Dieleman, S. and Grewe, D. and Nham, J. and Kalchbrenner, N. and Sutskever, I. and Lillicrap, T. and Leach, M. and Kavukcuoglu, K. and Graepel, T. and Hassabis, D.},
	Date-Added = {2018-04-03 12:25:31 +0000},
	Date-Modified = {2018-04-03 12:29:04 +0000},
	Journal = {Nature},
	Number = {7587},
	Pages = {484--489},
	Title = {Mastering the game of {Go} with deep neural networks and tree search},
	Volume = {529},
	Year = {2016}}

@article{Moravcik:2017aa,
	Author = {Morav{\v c}{\'\i}k, M. and Schmid, M. and Burch, N. and Lis{\'y}, V. and Morrill, D. and Bard, N. and Davis, T. and Waugh, K. and Johanson, M. and Bowling, M.},
	Date-Added = {2018-04-03 12:21:48 +0000},
	Date-Modified = {2018-04-03 12:25:29 +0000},
	Journal = {Science},
	Number = {6337},
	Pages = {508--513},
	Title = {{DeepStack}: Expert-level artificial intelligence in heads-up no-limit poker},
	Volume = {356},
	Year = {2017}}

@article{Ferrucci:2013aa,
	Author = {Ferrucci, D. and Levas, A. and Bagchi, S. and Gondek, D. and Mueller, E. T.},
	Date-Added = {2018-04-03 12:19:24 +0000},
	Date-Modified = {2018-04-03 12:21:06 +0000},
	Journal = {Artificial Intelligence},
	Pages = {93--105},
	Title = {{Watson: Beyond Jeopardy!}},
	Volume = {199--200},
	Year = {2013}}

@article{Mnih:2015aa,
	Author = {Mnih, V. and Kavukcuoglu, K. and Silver, D. and Rusu, A. A. and Veness, J. and Bellemare, M. G. and Graves, A. and Riedmiller, M. and Fidjeland, A. K. and Ostrovski, G. and Petersen, S. and Beattie, C. and Sadik, A. and Antonoglou, I. and King, H. and Kumaran, D. and Wierstra, D. and Legg, S. and Hassabis, D.},
	Date-Added = {2018-04-03 12:14:37 +0000},
	Date-Modified = {2018-04-03 12:17:47 +0000},
	Journal = {Nature},
	Pages = {529--533},
	Title = {Human-level control through deep reinforcement learning},
	Volume = {518},
	Year = {2015}}

@article{Karpathy:2017aa,
	Author = {Karpathy, A. and Fei-Fei, L.},
	Date-Added = {2018-04-03 12:09:46 +0000},
	Date-Modified = {2018-04-03 12:11:51 +0000},
	Journal = {IEEE Transactions on Pattern Analysis and Machine Intelligence},
	Number = {4},
	Pages = {664--676},
	Title = {Deep Visual-Semantic Alignments for Generating Image Descriptions},
	Volume = {39},
	Year = {2017}}

@article{Dahl:2017aa,
	Author = {Dahl , R. and Norouzi, M. and Shlens, J.},
	Date-Added = {2018-04-03 12:07:21 +0000},
	Date-Modified = {2018-04-03 22:02:44 +0000},
	Journal = {arXiv},
	Title = {Pixel Recursive Super Resolution},
	Volume = {1702.00783v2},
	Year = {2017}}

@article{Iizuka:2016aa,
	Author = {Iizuka, S. and Simo-Serra, E. and Ishikawa, H.},
	Date-Added = {2018-04-03 12:04:04 +0000},
	Date-Modified = {2018-04-03 12:06:16 +0000},
	Journal = {ACM Transactions on Graphics},
	Note = {Proceedings of ACM SIGGRAPH 2016},
	Number = {4},
	Title = {Let there be Color!: {Joint} End-to-end Learning of Global and Local Image Priors for Automatic Image Colorization with Simultaneous Classification},
	Volume = {35},
	Year = {2016}}

@inproceedings{Zhang:2017aa,
	Author = {Zhang, C. and Bengio, S. and Hardt, M: and Recht, B. and Vinyals, O.},
	Booktitle = {{5th International Conference on Learning Representations (ICLR 2017)}},
	Date-Added = {2018-04-02 15:39:18 +0000},
	Date-Modified = {2018-04-07 14:02:30 +0000},
	Title = {Understanding deep learning requires rethinking generalization},
	Year = {2017}}

@article{Panageas:2016aa,
	Author = {Panageas, I. and Piliouras, G.},
	Date-Added = {2018-04-02 13:06:25 +0000},
	Date-Modified = {2018-04-03 22:01:36 +0000},
	Journal = {arXiv},
	Title = {Gradient Descent Only Converges to Minimizers: Non-Isolated Critical Points and Invariant Regions},
	Volume = {1605.0040v2},
	Year = {2016}}

@article{Lee:2016aa,
	Author = {Lee, J. D. and Simchowitz, M. and Jordan, M. I. and Recht, B.},
	Date-Added = {2018-04-02 13:04:08 +0000},
	Date-Modified = {2018-04-02 13:05:52 +0000},
	Journal = {Proceedings of Machine Learning Research},
	Note = {29th Annual Conference on Learning Theory},
	Pages = {1246--1257},
	Title = {Gradient Descent Only Converges to Minimizers},
	Volume = {49},
	Year = {2016}}

@inproceedings{Ge:2015aa,
	Author = {Ge, R. and Huang, F. and Jin, C. and Yuan, Y.},
	Booktitle = {{JMLR: Workshop and Conference Proceedings}},
	Date-Added = {2018-04-02 13:01:21 +0000},
	Date-Modified = {2018-04-02 13:02:42 +0000},
	Pages = {1--46},
	Title = {Escaping From Saddle Points -- Online Stochastic Gradient for Tensor Decomposition},
	Volume = {40},
	Year = {2015}}

@article{Auer:1996aa,
	Author = {Auer, P. and Herbster, M. and Warmuth, M. K.},
	Date-Added = {2018-04-02 11:08:49 +0000},
	Date-Modified = {2018-04-02 11:09:52 +0000},
	Journal = {Advances in Neural Information Processing Systems},
	Pages = {316--322},
	Title = {Exponentially many local minima for single neurons},
	Volume = {8},
	Year = {1996}}

@inproceedings{Choromanska:2015aa,
	Author = {Choromanska, A. and Henaff, M. and Mathieu, M. and Arous, G. B. and LeCun, Y.},
	Booktitle = {{International Conference on Artificial Intelligence and Statistics}},
	Date-Added = {2018-04-02 11:04:08 +0000},
	Date-Modified = {2018-04-02 11:05:12 +0000},
	Pages = {192--204},
	Title = {The loss surfaces of multilayer networks},
	Year = {2015}}

@inproceedings{Dauphin:2014aa,
	Author = {Dauphin, Y. N. and Pascanu, R. and Gulcehre, C. and Cho, K. and Ganguli, S. and Bengio, Y.},
	Booktitle = {{NIPS'14 Proceedings of the 27th International Conference on Neural Information Processing Systems}},
	Date-Added = {2018-04-02 11:01:10 +0000},
	Date-Modified = {2018-04-02 11:02:39 +0000},
	Pages = {2933--2941},
	Title = {Identifying and attacking the saddle point problem in high-dimensional non-convex optimization},
	Volume = {2},
	Year = {2014}}

@article{Dinh:2017aa,
	Author = {Dinh, L. and Pascanu, R. and Bengio, S. and Bengio, Y.},
	Date-Added = {2018-04-02 10:49:07 +0000},
	Date-Modified = {2018-04-02 10:49:50 +0000},
	Journal = {arXiv},
	Title = {Sharp minima can generalize for deep nets},
	Volume = {1703.04933},
	Year = {2017}}

@article{Mallat:2016aa,
	Author = {Mallat, S.},
	Date-Added = {2018-04-02 06:29:22 +0000},
	Date-Modified = {2018-04-19 09:39:55 +0000},
	Journal = {Philosophical Transactions of the Royal Society of London A},
	Pages = {20150203},
	Title = {Understanding deep convolutional networks},
	Volume = {374},
	Year = {2016}}

@inproceedings{Yeh:2016aa,
	Author = {Yeh, R. and Hasegawa-Johnson, M. and Do, M. N.},
	Booktitle = {{2016 IEEE International Conference on Acoustics, Speech and Signal Processing (ICASSP)}},
	Date-Added = {2018-04-01 15:20:47 +0000},
	Date-Modified = {2018-04-01 15:24:16 +0000},
	Pages = {2652--2656},
	Title = {Stable and symmetric filter convolutional neural network},
	Year = {2016}}

@article{Bruna:2013ab,
	Author = {Bruna, J. and Szlam, A. and LeCun, Y.},
	Date-Added = {2018-04-01 15:02:23 +0000},
	Date-Modified = {2018-04-07 14:04:59 +0000},
	Journal = {arXiv},
	Title = {Learning Stable Group Invariant Representations with Convolutional Networks},
	Volume = {1301.3537},
	Year = {2013}}

@article{Giryes:2016aa,
	Author = {Giryes, R. and Sapiro, G. and Bronstein, A.},
	Date-Added = {2018-04-01 14:45:17 +0000},
	Date-Modified = {2018-04-01 14:45:17 +0000},
	Journal = {IEEE Transactions on Signal Processing},
	Number = {13},
	Pages = {3444--3457},
	Title = {Deep neural networks with random {Gaussian} weights: {A} universal classification strategy?},
	Volume = {64},
	Year = {2016}}

@inproceedings{Siegelmann:1992aa,
	Author = {Siegelmann, H. T. and Sontag, E. D.},
	Booktitle = {{COLT '92 Proceedings of the fifth annual workshop on Computational learning theory}},
	Date-Added = {2018-04-01 14:17:28 +0000},
	Date-Modified = {2018-04-01 14:28:33 +0000},
	Pages = {440--449},
	Title = {On the computational power of neural nets},
	Year = {1992}}

@article{Zhu:2017aa,
	Author = {Zhu, W. and Qiu, Q. and Huang, J. and Calderbank, R. and Sapiro, G. and Daubechies, I.},
	Date-Added = {2018-04-01 09:31:41 +0000},
	Date-Modified = {2018-04-01 09:31:41 +0000},
	Journal = {arXiv},
	Title = {{LDMNet:} {L}ow Dimensional Manifold Regularized Neural Networks},
	Volume = {1711.06246},
	Year = {2017}}

@article{Narang:2017aa,
	Author = {Narang, S. and Undersander, E. and Diamos, G.},
	Date-Added = {2018-04-01 09:31:34 +0000},
	Date-Modified = {2018-04-01 09:31:34 +0000},
	Journal = {arXiv},
	Title = {Block-Sparse Recurrent Neural Networks},
	Volume = {1711.02782},
	Year = {2017}}

@article{Pereyra:2017aa,
	Author = {Pereyra, G. and Tucker, G. and Chorowski, J. and Kaiser, L. and Hinton, G. E.},
	Date-Added = {2018-04-01 09:31:26 +0000},
	Date-Modified = {2018-04-01 09:31:26 +0000},
	Journal = {arXiv},
	Title = {Regularizing Neural Networks by Penalizing Confident Output Distributions},
	Volume = {1701.06548},
	Year = {2017}}

@inproceedings{Rifai:2011ab,
	Author = {Rifai, S. and Vincent, P. and Muller, X. and Glorot, X. and Bengio, Y.},
	Booktitle = {Proceedings of the International Conference on Machine Learning (ICML 2011)},
	Date-Added = {2018-04-01 09:31:18 +0000},
	Date-Modified = {2018-04-01 09:31:18 +0000},
	Pages = {833--840},
	Title = {Contractive autoencoders: {E}xplicit invariance during feature extraction},
	Year = {2011}}

@conference{Krogh:1992aa,
	Author = {Krogh, A. and Hertz, J. A.},
	Booktitle = {Advances in Neural Information Processing Systems 4 (NIPS 1991)},
	Date-Added = {2018-04-01 09:31:09 +0000},
	Date-Modified = {2018-04-01 09:31:09 +0000},
	Pages = {950--957},
	Title = {A simple weight decay can improve generalization},
	Year = {1992}}

@inproceedings{Lang:1990aa,
	Author = {Lang, K. J. and Hinton, G. E.},
	Booktitle = {Advances in Neural Information Processing Systems 2 (NIPS 1989)},
	Date-Added = {2018-04-01 09:31:00 +0000},
	Date-Modified = {2018-04-01 09:31:00 +0000},
	Pages = {178--185},
	Title = {Dimensionality reduction and prior knowledge in {E}-set recognition},
	Year = {1990}}

@conference{Ciregan:2012aa,
	Author = {Ciregan, D. and Meier, U: and Schmidhuber, J.},
	Booktitle = {2012 IEEE Conference on Computer Vision and Pattern Recognition (CVPR)},
	Date-Added = {2018-04-01 08:43:47 +0000},
	Date-Modified = {2018-04-01 08:43:47 +0000},
	Pages = {3642--3649},
	Title = {Multi-column deep neural networks for image classification},
	Year = {2012}}

@article{Bruna:2013aa,
	Author = {Bruna, J. and Mallat, S.},
	Date-Added = {2018-04-01 08:35:52 +0000},
	Date-Modified = {2018-04-01 08:36:33 +0000},
	Journal = {IEEE Transactions on Pattern Analysis and Machine Intelligence},
	Number = {8},
	Pages = {1872--1886},
	Title = {Invariant Scattering Convolution Networks},
	Volume = {35},
	Year = {2013}}

@article{Mallat:2012aa,
	Author = {Mallat, S.},
	Date-Added = {2018-04-01 08:32:40 +0000},
	Date-Modified = {2018-04-01 08:34:08 +0000},
	Journal = {Communications on Pure and Applied Mathematics},
	Number = {10},
	Pages = {1331--1398},
	Title = {Group Invariant Scattering},
	Volume = {65},
	Year = {2012}}

@article{Bruna:2014aa,
	Author = {Bruna, J. and Szlam, A. and LeCun, Y.},
	Date-Added = {2018-04-01 08:30:28 +0000},
	Date-Modified = {2018-04-03 22:02:49 +0000},
	Journal = {arXiv},
	Title = {Signal recovery from Pooling Representations},
	Volume = {1311.4025v3},
	Year = {2014}}

@conference{Ioffe:2015aa,
	Author = {Ioffe, S. and Szegedy, C.},
	Booktitle = {Proceedings of the 32nd International Conference on Machine Learning (ICML), Lille, France, 2015},
	Date-Added = {2018-04-01 08:06:33 +0000},
	Date-Modified = {2018-04-01 08:06:33 +0000},
	Pages = {448--456},
	Title = {Batch Normalization: {A}ccelerating Deep Network Training by Reducing Internal Covariate Shift},
	Volume = {37},
	Year = {2015}}

@incollection{Wager:2013aa,
	Author = {Wager, S. and Wang, S. and Liang, P. S.},
	Booktitle = {Advances in Neural Information Processing Systems 26},
	Date-Added = {2018-04-01 08:04:09 +0000},
	Date-Modified = {2018-04-01 08:22:24 +0000},
	Editor = {C. J. C. Burges and L. Bottou and M. Welling and Z. Ghahramani and K. Q. Weinberger},
	Pages = {351--359},
	Publisher = {Curran Associates, Inc.},
	Title = {Dropout Training as Adaptive Regularization},
	Year = {2013},
	Bdsk-Url-1 = {http://papers.nips.cc/paper/4882-dropout-training-as-adaptive-regularization.pdf}}

@article{Srivastava:2014aa,
	Author = {Srivastava, N. and Hinton, G. E. and Krizhevsky, A. and Sutskever, I. and Salakhutdinov, R.},
	Date-Added = {2018-04-01 08:04:03 +0000},
	Date-Modified = {2018-04-01 08:04:03 +0000},
	Journal = {The Journal of Machine Learning Research},
	Number = {1},
	Pages = {1929--1958},
	Title = {Dropout: {A} simple way to prevent neural networks from overfitting},
	Volume = {15},
	Year = {2014}}

@conference{Dahl:2013aa,
	Author = {Dahl, G. E. and Sainath, T. N. and Hinton, G. E.},
	Booktitle = {{IEEE International Conference on Acoustics, Speech and Signal Processing}},
	Date-Added = {2018-04-01 08:03:57 +0000},
	Date-Modified = {2018-04-08 06:38:15 +0000},
	Pages = {8609--8613},
	Title = {Improving deep neural networks for {LVCSR} using rectified linear units and dropout},
	Year = {2013}}

@article{Hinton:2012aa,
	Author = {Hinton, G. E. and Srivastava, N. and Krizhevsky, A. and Salakhutdinov, R. R.},
	Date-Added = {2018-04-01 08:03:49 +0000},
	Date-Modified = {2018-04-01 08:03:49 +0000},
	Journal = {arXiv},
	Title = {Improving neural networks by preventing co-adaptation of feature detectors},
	Volume = {1207.0580},
	Year = {2012}}

@inproceedings{Zeiler:2013aa,
	Author = {Zeiler, M. D. and Fergus, R.},
	Booktitle = {{1st International Conference on Learning Representations (ICLR 2013)}},
	Date-Added = {2018-04-01 07:49:47 +0000},
	Date-Modified = {2018-04-07 14:03:28 +0000},
	Title = {Stochastic pooling for regularization of deep convolutional neural networks},
	Year = {2013}}

@inproceedings{Goodfellow:2013aa,
	Author = {Goodfellow, I. and Warde-Farley, D. and Mirza, M. and Courville, A. and Bengio, Y.},
	Booktitle = {Proceedings of the International Conference on Machine Learning (ICML)},
	Date-Added = {2018-04-01 07:49:39 +0000},
	Date-Modified = {2018-04-01 07:49:39 +0000},
	Pages = {1319--1327},
	Title = {Maxout networks},
	Volume = {28},
	Year = {2013}}

@inproceedings{Glorot:2011aa,
	Author = {Glorot, X. and Bordes, A. and Bengio, Y.},
	Booktitle = {Proceedings of the International Conference on Artificial Intelligence and Statistics (AISTATS){\S}},
	Date-Added = {2018-04-01 07:49:26 +0000},
	Date-Modified = {2018-04-01 07:49:26 +0000},
	Pages = {315--323},
	Title = {Deep sparse rectifier neural networks},
	Year = {2011}}

@conference{Nair:2010aa,
	Author = {Nair, V. and Hinton, G. E.},
	Booktitle = {International Conference on Machine Learning},
	Date-Added = {2018-04-01 07:49:12 +0000},
	Date-Modified = {2018-04-01 07:49:12 +0000},
	Pages = {807--814},
	Title = {Rectified linear units improve restricted {B}oltzmann machines},
	Year = {2010}}

@inproceedings{Jarrett:2009aa,
	Author = {Jarrett, K. and Kavuk{\c c}uo{\u g}lu, K. and Ranzato, M. A. and LeCun, Y.},
	Booktitle = {2009 IEEE 12th International Conference on Computer Vision},
	Date-Added = {2018-04-01 07:49:00 +0000},
	Date-Modified = {2018-04-01 07:49:00 +0000},
	Pages = {2146--2153},
	Title = {What is the best multi-stage architecture for object recognition?},
	Year = {2009}}

@article{LeCun:1989aa,
	Author = {LeCun, Y. and Boser, B. and Denker, J. S. and Henderson, D. and Howard, R. E. and Hubbard, W. and Jackel, L. D.},
	Date-Added = {2018-04-01 07:44:27 +0000},
	Date-Modified = {2018-04-01 07:44:27 +0000},
	Journal = {Neural Computation},
	Number = {4},
	Pages = {541--551},
	Title = {Backpropagation applied to handwritten zip code recognition},
	Volume = {1},
	Year = {1989}}

@article{Bengio:2009aa,
	Author = {Bengio, Y.},
	Date-Added = {2018-04-01 07:42:03 +0000},
	Date-Modified = {2018-04-01 07:43:24 +0000},
	Journal = {Foundations and Trends in Machine Learning},
	Number = {1},
	Pages = {1--127},
	Title = {Learning Deep Architectures for {AI}},
	Volume = {2},
	Year = {2009}}

@article{Bishop:1995aa,
	Author = {Bishop, C. M.},
	Date-Added = {2018-04-01 07:31:46 +0000},
	Date-Modified = {2018-04-01 07:31:46 +0000},
	Journal = {Neural computation},
	Number = {1},
	Pages = {108--116},
	Title = {Training with noise is equivalent to {Tikhonov} regularization},
	Volume = {7},
	Year = {1995}}

@inproceedings{Krizhevsky:2012aa,
	Author = {Krizhevsky, A. and Sutskever, I. and Hinton, G. E.},
	Booktitle = {{Advances in Neural Information Processing Systems 25 (NIPS 2012)}},
	Date-Added = {2018-03-31 12:57:14 +0000},
	Date-Modified = {2018-03-31 12:58:03 +0000},
	Title = {{ImageNet} Classification with Deep Convolutional Neural Networks},
	Year = {2012}}

@article{Xu:2012aa,
	Author = {Xu, H. and Mannor, S.},
	Date-Added = {2018-03-29 14:01:39 +0000},
	Date-Modified = {2018-03-29 14:02:16 +0000},
	Journal = {Machine learning},
	Number = {3},
	Pages = {391--423},
	Title = {Robustness and generalization},
	Volume = {86},
	Year = {2012}}

@article{Bousquet:2002aa,
	Author = {Bousquet, O. and Elissee, A.},
	Date-Added = {2018-03-29 13:43:27 +0000},
	Date-Modified = {2018-03-29 13:44:12 +0000},
	Journal = {Journal of Machine Learning Research},
	Pages = {499--526},
	Title = {Stability and generalization},
	Volume = {2},
	Year = {2002}}

@book{Shalev-Shwartz:2014aa,
	Author = {Shalev-Shwartz, S. and Ben-David, S.},
	Date-Added = {2018-03-29 13:37:03 +0000},
	Date-Modified = {2018-03-29 13:37:37 +0000},
	Publisher = {Cambridge university press},
	Title = {Understanding machine learning: From theory to algorithms},
	Year = {2014}}

@article{Xie:2015aa,
	Author = {Xie, P. and Deng, Y. and Xing, E.},
	Date-Added = {2018-03-29 13:35:30 +0000},
	Date-Modified = {2018-04-03 22:01:07 +0000},
	Journal = {arXiv},
	Title = {On the generalization error bounds of neural networks under diversity-inducing mutual angular regularization},
	Volume = {1511.07110},
	Year = {2015}}

@inproceedings{Neyshabur:2015aa,
	Author = {Neyshabur, B. and Tomioka, R. and Srebro, N.},
	Booktitle = {{Proceedings of The 28th Conference on Learning Theory}},
	Date-Added = {2018-03-29 13:34:04 +0000},
	Date-Modified = {2018-03-29 13:34:53 +0000},
	Pages = {1376--1401},
	Title = {Norm-based capacity control in neural networks},
	Year = {2015}}

@inproceedings{Sun:2016aa,
	Author = {Sun, S. and Chen, W. and Wang, L. and Liu, X. and Liu, T.-Y.},
	Booktitle = {{Proceedings of the Thirtieth AAAI Conference on Artifiial Intelligence}},
	Date-Added = {2018-03-29 13:31:32 +0000},
	Date-Modified = {2018-03-29 13:33:01 +0000},
	Pages = {2066--2072},
	Title = {On the depth of deep neural networks: a theoretical view},
	Year = {2016}}

@book{Mohri:2012aa,
	Author = {Mohri, M. and Rostamizadeh, A. and Talwalkar, A.},
	Date-Added = {2018-03-29 11:57:36 +0000},
	Date-Modified = {2018-03-29 11:58:09 +0000},
	Publisher = {MIT press},
	Title = {Foundations of machine learning},
	Year = {2012}}

@article{LeCun:2015aa,
	Author = {LeCun, Y. and Bengio, Y. and Hinton, G.},
	Date-Added = {2018-03-28 07:53:38 +0000},
	Date-Modified = {2018-03-28 07:54:24 +0000},
	Journal = {Nature},
	Number = {7553},
	Pages = {436--444},
	Title = {Deep learning},
	Volume = {521},
	Year = {2015}}

@article{Kawaguchi:2018aa,
	Author = {Kawaguchi, K. and Kaelbling, L. P. and Bengio, Y.},
	Date-Added = {2018-03-26 13:22:42 +0000},
	Date-Modified = {2018-04-03 22:02:10 +0000},
	Journal = {arXiv},
	Title = {Generalization in Deep Learning},
	Volume = {1710.05468v3},
	Year = {2018}}

@article{Bolcskei:2017aa,
	Author = {B{\"o}lcskei, H. and Grohs, P. and Kutyniok, G. and Petersen, P.},
	Date-Added = {2018-03-22 11:18:20 +0000},
	Date-Modified = {2018-04-03 22:03:01 +0000},
	Journal = {arXiv},
	Title = {Optimal Approximation with Sparsely Connected Deep Neural Networks},
	Volume = {1705.01714},
	Year = {2017}}

@article{Banerjee:2005aa,
	Author = {Banerjee, A. and Guo, X. and Wang, H.},
	Date-Added = {2018-03-22 11:13:03 +0000},
	Date-Modified = {2018-03-22 11:14:48 +0000},
	Journal = {IEEE Transactions on Information Theory},
	Number = {7},
	Pages = {2664--2669},
	Title = {On the Optimality of Conditional Expectation as a {Bregman} Predictor},
	Volume = {51},
	Year = {2005}}

@book{Robert:2007aa,
	Author = {Robert, C.},
	Date-Added = {2018-03-22 11:11:36 +0000},
	Date-Modified = {2018-03-22 11:12:51 +0000},
	Edition = {2nd},
	Publisher = {Springer Verlag},
	Series = {Springer Texts in Statistics},
	Title = {The {Bayesian} Choice: From Decision-theoretic Foundations to Computational Implementation},
	Year = {2007}}

@article{Maiorov:1999aa,
	Author = {Maiorov, V. and Pinkus, A.},
	Date-Added = {2018-03-22 11:09:42 +0000},
	Date-Modified = {2018-03-22 11:10:34 +0000},
	Journal = {Neurocomputing},
	Number = {1--3},
	Pages = {81--91},
	Title = {Lower bounds for approximation by {MLP} neural networks},
	Volume = {25},
	Year = {1999}}

@article{Petersen:2017aa,
	Author = {Petersen, P. and Voigtlaender, F.},
	Date-Added = {2018-03-22 11:06:52 +0000},
	Date-Modified = {2018-04-03 22:01:26 +0000},
	Journal = {arXiv},
	Title = {Optimal approximation of piecewise smooth functions using deep {ReLU} neural networks},
	Volume = {1709.05289},
	Year = {2017}}

@article{Yarotsky:2017aa,
	Author = {Yarotsky, E.},
	Date-Added = {2018-03-22 11:05:03 +0000},
	Date-Modified = {2018-03-22 11:06:03 +0000},
	Journal = {Neural Networks},
	Pages = {103--114},
	Title = {Error bounds for approximation with deep {ReLU} networks},
	Volume = {94},
	Year = {2017}}

@article{Pinkus:1999aa,
	Author = {Pinkus, A.},
	Date-Added = {2018-03-22 11:02:29 +0000},
	Date-Modified = {2018-03-22 11:03:05 +0000},
	Journal = {Acta Numerica},
	Pages = {143--195},
	Title = {Approximation theory of the {MLP} model in neural networks},
	Year = {1999}}

@article{Hornik:1991aa,
	Author = {Hornik, H.},
	Date-Added = {2018-03-22 11:01:25 +0000},
	Date-Modified = {2018-03-22 11:01:51 +0000},
	Journal = {Neural Networks},
	Number = {2},
	Pages = {251--257},
	Title = {Approximation Capabilities of Multilayer Feedforward Networks},
	Volume = {4},
	Year = {1991}}

@article{Cybenko:1989aa,
	Author = {Cybenko, G.},
	Date-Added = {2018-03-22 11:00:31 +0000},
	Date-Modified = {2018-03-22 11:01:02 +0000},
	Journal = {Mathematics of Control, Signals, and Systems},
	Number = {4},
	Pages = {303--314},
	Title = {Approximations by superpositions of sigmoidal functions},
	Volume = {2},
	Year = {1989}}

@book{Minsky:1969aa,
	Author = {Minsky, M. and Papert, S. A.},
	Date-Added = {2018-03-22 10:50:51 +0000},
	Date-Modified = {2018-03-22 10:51:23 +0000},
	Publisher = {MIT Press},
	Title = {Perceptrons: {A}n Introduction to Computational Geometry},
	Year = {1969}}
